<?xml version="1.0" encoding="UTF-8"?><record xmlns="http://www.loc.gov/MARC21/slim" xmlns:cinclude="http://apache.org/cocoon/include/1.0" xmlns:zs="http://www.loc.gov/zing/srw/">
  <leader>00419nz  a2200133n  4500</leader>
  <controlfield tag="001">nr 90024891 </controlfield>
  <controlfield tag="003">DLC</controlfield>
  <controlfield tag="005">19901120054435.0</controlfield>
  <controlfield tag="008">901116n| acannaab|          |a aaa     c</controlfield>
  <datafield tag="010" ind1=" " ind2=" ">
    <subfield code="a">nr 90024891 </subfield>
  </datafield>
  <datafield tag="040" ind1=" " ind2=" ">
    <subfield code="a">NjP</subfield>
    <subfield code="c">NjP</subfield>
  </datafield>
  <datafield tag="100" ind1="1" ind2="0">
    <subfield code="a">Rampavilas, Kōnstantinos</subfield>
  </datafield>
  <datafield tag="400" ind1="1" ind2="0">
    <subfield code="a">Rambavilas, Constantine</subfield>
  </datafield>
  <datafield tag="670" ind1=" " ind2=" ">
    <subfield code="a">His Anthrōpoi stē thalassa! 1985:</subfield>
    <subfield code="b">t.p. (Kōnstantinou Rampavila) verso t.p. (Constantine Rambavilas [in rom.])</subfield>
  </datafield>
</record>